@online{B1,
	author = {Arnabp},
	title = {Naive Bayes Tutorial using MNIST Dataset},
	url = {https://medium.com/data-sensitive/na%C3%AFve-bayes-tutorial-using-mnist-dataset-2b4a82b124d2},
	date = {2020-05-27},
	urldate = {2020-11-14}
}

@online{B2,
	author = {Rajath Nagaraj},
	title = {MNIST handwritten image classification with Naive Bayes and Logistic regression.},
	url = {https://medium.com/@rnagara1/mnist-handwritten-image-classification-with-naive-bayes-and-logistic-regression-9d0dd2b6edc0},
	date = {2020-05-17},
	urldate = {2020-11-14}
}

@online{B3,
	title = {Bayes classifier and Naive Bayes tutorial (using the MNIST dataset)},
	url = {https://lazyprogrammer.me/bayes-classifier-and-naive-bayes-tutorial-using/},
	date = {2015-03-19},
	urldate = {2020-11-14}
}

@online{B4,
	author = {Rohit Dwivedi},
	title = {What Is Naive Bayes Algorithm In Machine Learning?},
	url = {https://www.analyticssteps.com/blogs/what-naive-bayes-algorithm-machine-learning},
	date = {2020-04-29},
	urldate = {2020-11-14}
}

@online{B5,
	author = {Jason Brownlee},
	title = {Naive Bayes for Machine Learning},
	url = {https://machinelearningmastery.com/naive-bayes-for-machine-learning/},
	date = {2020-08-15},
	urldate = {2020-11-14}
}
